<?xml version='1.0' encoding='UTF-8'?>
<record xmlns="http://www.loc.gov/MARC21/slim">
  <leader>01384cam a2200313Ma 4500</leader>
  <controlfield tag="001">1506054</controlfield>
  <controlfield tag="003">NjP</controlfield>
  <controlfield tag="005">20170605130857.0</controlfield>
  <controlfield tag="008">970604s1965    iq gh    b    000 0 arard</controlfield>
  <datafield tag="024" ind1="7" ind2=" ">
    <subfield code="a">princeton_aco002515</subfield>
    <subfield code="2">local</subfield>
  </datafield>
  <datafield ind1=" " ind2=" " tag="035">
    <subfield code="a">(OCoLC)ocm37961794</subfield>
  </datafield>
  <datafield ind1=" " ind2=" " tag="035">
    <subfield code="9">CER2135TS</subfield>
  </datafield>
  <datafield ind1=" " ind2=" " tag="040">
    <subfield code="a">RBN</subfield>
    <subfield code="c">RBN</subfield>
    <subfield code="d">PUL</subfield>
  </datafield>
  <datafield ind1=" " ind2=" " tag="043">
    <subfield code="a">a-iq---</subfield>
  </datafield>
  <datafield ind1="1" ind2="4" tag="050">
    <subfield code="a">M142.O9</subfield>
    <subfield code="b">K56x 1965</subfield>
  </datafield>
  <datafield ind1="1" ind2=" " tag="100">
    <subfield code="a">Kindī,</subfield>
    <subfield code="d">-approximately 873.</subfield>
    <subfield code="0">http://id.loc.gov/authorities/names/n79138789</subfield>
  </datafield>
  <datafield ind1="1" ind2="0" tag="245">
    <subfield code="a">Risālat al-Kindī fī al-luḥūn wa-al-nagham :</subfield>
    <subfield code="b">mulḥaq thānin li-kitāb Muʾallafāt al-Kindī al-mūsīqīyah /</subfield>
    <subfield code="c">taḥqīq Zakarīyā Yūsuf.</subfield>
  </datafield>
  <datafield ind1="1" ind2="4" tag="246">
    <subfield code="a">Al-Kindi's treatise on melodies.</subfield>
  </datafield>
  <datafield ind1="1" ind2="0" tag="246">
    <subfield code="a">Kindi's treatise on melodies.</subfield>
  </datafield>
  <datafield ind1=" " ind2=" " tag="260">
    <subfield code="a">Baghdād :</subfield>
    <subfield code="b">[Maṭbaʻat Shafīq],</subfield>
    <subfield code="c">1965.</subfield>
  </datafield>
  <datafield ind1=" " ind2=" " tag="300">
    <subfield code="a">31 p. :</subfield>
    <subfield code="b">music, facsims. ;</subfield>
    <subfield code="c">26 cm.</subfield>
  </datafield>
  <datafield ind1=" " ind2=" " tag="500">
    <subfield code="a">"Nushirat hādhihi al-risālah bi-idhn ḥukūmat al-Jumhūrīyah al-Turkīyah".</subfield>
  </datafield>
  <datafield ind1=" " ind2=" " tag="500">
    <subfield code="a">"Allafahā li-Aḥmad ibn al-Muʻtaṣim"--P. 9.</subfield>
  </datafield>
  <datafield ind1=" " ind2=" " tag="504">
    <subfield code="a">Includes bibliographical references.</subfield>
  </datafield>
  <datafield ind1=" " ind2="0" tag="650">
    <subfield code="a">Oud music.</subfield>
    <subfield code="0">http://id.loc.gov/authorities/subjects/sh85096114</subfield>
  </datafield>
  <datafield ind1=" " ind2="0" tag="650">
    <subfield code="a">Oud</subfield>
    <subfield code="z">Iraq.</subfield>
  </datafield>
  <datafield ind1="1" ind2=" " tag="700">
    <subfield code="a">Yūsuf, Zakarīyā.</subfield>
  </datafield>
  <datafield ind1="1" ind2=" " tag="700">
    <subfield code="a">Kindī,</subfield>
    <subfield code="d">d. ca. 873.</subfield>
    <subfield code="t">Muʾallafāt al-Kindī al-mūsīqīyah.</subfield>
    <subfield code="0">http://id.loc.gov/authorities/names/n79138789</subfield>
  </datafield>
  <datafield ind1=" " ind2=" " tag="947">
    <subfield code="a">CER2135</subfield>
  </datafield>
  <datafield ind1=" " ind2=" " tag="911">
    <subfield code="a">20000130</subfield>
  </datafield>
  <datafield ind1="0" ind2="0" tag="852">
    <subfield code="0">1730042</subfield>
    <subfield code="b">nec</subfield>
    <subfield code="t">0</subfield>
    <subfield code="h">M142.O9</subfield>
    <subfield code="i">K56 1965</subfield>
  </datafield>
  <datafield ind1=" " ind2=" " tag="959">
    <subfield code="a">2000-06-13 00:00:00 -0500</subfield>
  </datafield>
</record>
